|init|battle
|title|minorlionz vs. Old_Man_Waffles
|j|☆minorlionz
|j|☆Old_Man_Waffles
|player|p1|minorlionz|102
|player|p2|Old_Man_Waffles|102
|teamsize|p1|6
|teamsize|p2|6
|gametype|singles
|gen|7
|tier|[Gen 7] Battle Factory
|rated|
|rule|Sleep Clause Mod: Limit one foe put to sleep
|clearpoke
|poke|p1|Stoutland, F|item
|poke|p1|Haunter, M|item
|poke|p1|Whimsicott, M|item
|poke|p1|Charizard, M|item
|poke|p1|Uxie|item
|poke|p1|Drampa, M|item
|poke|p2|Slowbro, F|item
|poke|p2|Vanilluxe, M|item
|poke|p2|Gallade, M|item
|poke|p2|Druddigon, F|item
|poke|p2|Whimsicott, F|item
|poke|p2|Golbat, M|item
|rule|HP Percentage Mod: HP is shown in percentages
|rule|Mega Rayquaza Clause: You cannot mega evolve Rayquaza
|teampreview
|inactive|Battle timer is ON: inactive players will automatically lose when time's up. (requested by minorlionz)
|inactive|Old_Man_Waffles has 135 seconds left.
|
|start
|switch|p1a: Whimsicott|Whimsicott, M|100/100
|switch|p2a: Whimsicott|Whimsicott, F|100/100
|turn|1
|inactive|minorlionz has 135 seconds left.
|inactive|Old_Man_Waffles has 135 seconds left.
|
|move|p2a: Whimsicott|Moonblast|p1a: Whimsicott
|-damage|p1a: Whimsicott|31/100
|-damage|p2a: Whimsicott|91/100|[from] item: Life Orb
|move|p1a: Whimsicott|Moonblast|p2a: Whimsicott
|-damage|p2a: Whimsicott|11/100
|-damage|p1a: Whimsicott|21/100|[from] item: Life Orb
|
|upkeep
|turn|2

|l|☆minorlionz

|inactive|minorlionz disconnected and has a minute to reconnect!

|player|p1|

|
|move|p2a: Whimsicott|Moonblast|p1a: Whimsicott
|-damage|p1a: Whimsicott|0 fnt
|-damage|p2a: Whimsicott|1/100|[from] item: Life Orb
|faint|p1a: Whimsicott
|
|upkeep

|inactive|minorlionz has 20 seconds to reconnect!

|inactive|minorlionz has 15 seconds to reconnect!

|inactive|minorlionz has 10 seconds to reconnect!

|inactive|minorlionz has 5 seconds to reconnect!

|-message|minorlionz lost due to inactivity.
|
|win|Old_Man_Waffles
