|init|battle
|title|The Yeet King vs. Lirus THC
|j|☆The Yeet King
|j|☆Lirus THC
|player|p1|The Yeet King|156
|player|p2|Lirus THC|93
|teamsize|p1|6
|teamsize|p2|6
|gametype|singles
|gen|7
|tier|[Gen 7] UU
|rated|
|rule|Sleep Clause Mod: Limit one foe put to sleep
|rule|Species Clause: Limit one of each Pokémon
|rule|OHKO Clause: OHKO moves are banned
|rule|Moody Clause: Moody is banned
|rule|Evasion Moves Clause: Evasion moves are banned
|rule|Endless Battle Clause: Forcing endless battles is banned
|rule|HP Percentage Mod: HP is shown in percentages
|clearpoke
|poke|p1|Infernape, F|item
|poke|p1|Rotom-Mow|item
|poke|p1|Scizor, F|item
|poke|p1|Swampert, F|item
|poke|p1|Latias, F|item
|poke|p1|Nihilego|item
|poke|p2|Aerodactyl, F|item
|poke|p2|Seismitoad, M|item
|poke|p2|Scizor, M|item
|poke|p2|Infernape, F|item
|poke|p2|Haxorus, F|item
|poke|p2|Muk-Alola, F|item
|teampreview
|
|start
|switch|p1a: roids frog|Swampert, F|100/100
|switch|p2a: Miami hot|Infernape, F|100/100
|turn|1

|inactive|Battle timer is ON: inactive players will automatically lose when time's up. (requested by Lirus THC)

|
|move|p2a: Miami hot|Grass Knot|p1a: roids frog
|-supereffective|p1a: roids frog
|-damage|p1a: roids frog|0 fnt
|-damage|p2a: Miami hot|91/100|[from] item: Life Orb
|faint|p1a: roids frog
|
|upkeep

|inactive|The Yeet King has 135 seconds left.

|j| the tipsy spinda

|inactive|The Yeet King has 120 seconds left.

|c| the tipsy spinda|yeet his meat

|inactive|The Yeet King has 105 seconds left.

|inactive|The Yeet King has 90 seconds left.

|c| the tipsy spinda|YEET HIS MEAT

|c| the tipsy spinda|YEET HIS MEART

|c| the tipsy spinda|YEET HIS MEAT

|inactive|The Yeet King has 75 seconds left.

|inactive|The Yeet King has 60 seconds left.

|-message|The Yeet King forfeited.

|
|win|Lirus THC
